<record><leader>00000cas a2200000 a 4500</leader><controlfield tag="001">1067883</controlfield><controlfield tag="008">741106d18951898nhuwr ne      0    0eng d</controlfield><controlfield tag="009">76</controlfield><datafield ind1=" " ind2=" " tag="010"><subfield code="a">sn 91063284 </subfield></datafield><datafield ind1=" " ind2=" " tag="040"><subfield code="a">DRB</subfield><subfield code="b">eng</subfield><subfield code="c">DRB</subfield><subfield code="d">OCL</subfield><subfield code="d">NVH</subfield><subfield code="d">OCL</subfield></datafield><datafield ind1="1" ind2=" " tag="029"><subfield code="a">AU@</subfield><subfield code="b">000022028751</subfield></datafield><datafield ind1=" " ind2=" " tag="042"><subfield code="a">msc</subfield></datafield><datafield ind1=" " ind2=" " tag="090"><subfield code="a">BX7101</subfield><subfield code="b">.C85 cop.2</subfield></datafield><datafield ind1="0" ind2="0" tag="245"><subfield code="a">Congregational record and New Hampshire journal.</subfield></datafield><datafield ind1=" " ind2=" " tag="260"><subfield code="a">Concord, N.H. :</subfield><subfield code="b">Republican Press Association,</subfield></datafield><datafield ind1=" " ind2=" " tag="300"><subfield code="a">v.</subfield></datafield><datafield ind1="0" ind2=" " tag="362"><subfield code="a">Vol. 1, no. 19 (Aug. 9, 1895)-</subfield></datafield><datafield ind1="1" ind2=" " tag="362"><subfield code="a">Ceased in 1898?</subfield></datafield><datafield ind1=" " ind2=" " tag="752"><subfield code="a">United States</subfield><subfield code="b">New Hampshire</subfield><subfield code="c">Merrimack</subfield><subfield code="d">Concord.</subfield></datafield><datafield ind1="0" ind2="4" tag="780"><subfield code="t">New Hampshire journal (Concord, N.H. : 1881)</subfield><subfield code="w">(DLC)sn 91063283</subfield></datafield><datafield ind1="0" ind2="4" tag="780"><subfield code="t">New Hampshire Congregational record</subfield><subfield code="w">(DLC)sn 91063285</subfield></datafield></record>